<marcxml:record xmlns:marcxml="http://www.loc.gov/MARC21/slim" xmlns:idx="info:lc/xq-modules/lcindex" xmlns:madsrdf="http://www.loc.gov/mads/rdf/v1#" xmlns:ri="http://id.loc.gov/ontologies/RecordInfo#" xmlns:xlink="http://www.w3.org/1999/xlink" xmlns:rdf="http://www.w3.org/1999/02/22-rdf-syntax-ns#" xmlns:mets="http://www.loc.gov/METS/" xmlns:semtriples="http://marklogic.com/semantic" xmlns:xsi="http://www.w3.org/2001/XMLSchema-instance" xmlns:streams="info:lc/streams#">
            <marcxml:leader>00655cz  a2200181n  4500</marcxml:leader>
            <marcxml:controlfield tag="001">n50013948</marcxml:controlfield>
            <marcxml:controlfield tag="003">DLC</marcxml:controlfield>
            <marcxml:controlfield tag="005">20090207074936.0</marcxml:controlfield>
            <marcxml:controlfield tag="008">800408n| acannaabn          |a aaa      </marcxml:controlfield>
            <marcxml:datafield tag="010" ind1=" " ind2=" ">
              <marcxml:subfield code="a">n  50013948 </marcxml:subfield>
            </marcxml:datafield>
            <marcxml:datafield tag="035" ind1=" " ind2=" ">
              <marcxml:subfield code="a">(OCoLC)oca00049425</marcxml:subfield>
            </marcxml:datafield>
            <marcxml:datafield tag="040" ind1=" " ind2=" ">
              <marcxml:subfield code="a">DLC</marcxml:subfield>
              <marcxml:subfield code="b">eng</marcxml:subfield>
              <marcxml:subfield code="c">DLC</marcxml:subfield>
              <marcxml:subfield code="d">OCoLC</marcxml:subfield>
            </marcxml:datafield>
            <marcxml:datafield tag="100" ind1="0" ind2=" ">
              <marcxml:subfield code="a">Vespasian,</marcxml:subfield>
              <marcxml:subfield code="c">Emperor of Rome,</marcxml:subfield>
              <marcxml:subfield code="d">9-79</marcxml:subfield>
            </marcxml:datafield>
            <marcxml:datafield tag="400" ind1="0" ind2=" ">
              <marcxml:subfield code="a">Vespasiano,</marcxml:subfield>
              <marcxml:subfield code="c">Emperor of Rome,</marcxml:subfield>
              <marcxml:subfield code="d">9-79</marcxml:subfield>
            </marcxml:datafield>
            <marcxml:datafield tag="400" ind1="0" ind2=" ">
              <marcxml:subfield code="w">nna</marcxml:subfield>
              <marcxml:subfield code="a">Vespasianus,</marcxml:subfield>
              <marcxml:subfield code="c">Emperor of Rome,</marcxml:subfield>
              <marcxml:subfield code="d">9-79</marcxml:subfield>
            </marcxml:datafield>
            <marcxml:datafield tag="400" ind1="0" ind2=" ">
              <marcxml:subfield code="a">Vespesiano,</marcxml:subfield>
              <marcxml:subfield code="c">Emperor of Rome,</marcxml:subfield>
              <marcxml:subfield code="d">9-79</marcxml:subfield>
            </marcxml:datafield>
            <marcxml:datafield tag="670" ind1=" " ind2=" ">
              <marcxml:subfield code="a">Enc. Brit.</marcxml:subfield>
              <marcxml:subfield code="b">(Vespasian)</marcxml:subfield>
            </marcxml:datafield>
            <marcxml:datafield tag="670" ind1=" " ind2=" ">
              <marcxml:subfield code="a">História do mui nobre Vesp., imperad. de Roma, 1981 (subj.)</marcxml:subfield>
              <marcxml:subfield code="b">t.p. (Vespasiano, imperado de Roma) colophon (Vespesiano, emperador de Roma)</marcxml:subfield>
            </marcxml:datafield>
          </marcxml:record>
